@BOOK{Lamport86,
TITLE = "{LaTeX} --- a document preparation system --- user's guide
and reference manual",
AUTHOR = "Lamport, L.",
PUBLISHER = "Addison-Wesley",
YEAR = "1986"}

@REPORT{Moore95,
TITLE = "How to prepare a dissertation in LaTeX",
AUTHOR = "Moore, S.W.",
YEAR = "1995"}

@inproceedings{kiselyov2009embedded,
  title={Embedded probabilistic programming},
  author={Kiselyov, Oleg and Shan, Chung-Chieh},
  booktitle={IFIP Working Conference on Domain-Specific Languages},
  pages={360--384},
  year={2009},
  organization={Springer}
}

