@BOOK{Lamport86,
TITLE = "{LaTeX} --- a document preparation system --- user's guide
and reference manual",
AUTHOR = "Lamport, L.",
PUBLISHER = "Addison-Wesley",
YEAR = "1986"}

@REPORT{Moore95,
TITLE = "How to prepare a dissertation in LaTeX",
AUTHOR = "Moore, S.W.",
YEAR = "1995"}

@inproceedings{kiselyov2009embedded,
  title={Embedded probabilistic programming},
  author={Kiselyov, Oleg and Shan, Chung-Chieh},
  booktitle={IFIP Working Conference on Domain-Specific Languages},
  pages={360--384},
  year={2009},
  organization={Springer}
}

@article{goodman2012church,
  title={Church: a language for generative models},
  author={Goodman, Noah and Mansinghka, Vikash and Roy, Daniel M and Bonawitz, Keith and Tenenbaum, Joshua B},
  journal={arXiv preprint arXiv:1206.3255},
  year={2012}
}

@article{mobus2018structure,
  title={Structure and Interpretation of WebPPL},
  author={M{\"o}bus, Claus},
  year={2018}
}

@article{wang2011using,
  title={Using infer. net for statistical analyses},
  author={Wang, Shen SJ and Wand, Matt P},
  journal={The American Statistician},
  volume={65},
  number={2},
  pages={115--126},
  year={2011},
  publisher={Taylor \& Francis}
}

@inproceedings{Stucki:2013:OPP:2489837.2489848,
 author = {Stucki, Sandro and Amin, Nada and Jonnalagedda, Manohar and Rompf, Tiark},
 title = {What Are the Odds?: Probabilistic Programming in Scala},
 booktitle = {Proceedings of the 4th Workshop on Scala},
 series = {SCALA '13},
 year = {2013},
 isbn = {978-1-4503-2064-1},
 location = {Montpellier, France},
 pages = {11:1--11:9},
 articleno = {11},
 numpages = {9},
 url = {http://doi.acm.org/10.1145/2489837.2489848},
 doi = {10.1145/2489837.2489848},
 acmid = {2489848},
 publisher = {ACM},
 address = {New York, NY, USA},
 keywords = {EDSL, Scala, probabilistic inference, probabilistic programming, probability monad},
} 

@inproceedings{scibior2015practical,
  title={Practical probabilistic programming with monads},
  author={{\'S}cibior, Adam and Ghahramani, Zoubin and Gordon, Andrew D},
  booktitle={ACM SIGPLAN Notices},
  volume={50},
  number={12},
  pages={165--176},
  year={2015},
  organization={ACM}
}

@article{DBLP:journals/corr/abs-1811-06150,
  author    = {Dave Moore and
               Maria I. Gorinova},
  title     = {Effect Handling for Composable Program Transformations in Edward2},
  journal   = {CoRR},
  volume    = {abs/1811.06150},
  year      = {2018},
  url       = {http://arxiv.org/abs/1811.06150},
  archivePrefix = {arXiv},
  eprint    = {1811.06150},
  timestamp = {Sun, 25 Nov 2018 18:57:12 +0100},
  biburl    = {https://dblp.org/rec/bib/journals/corr/abs-1811-06150},
  bibsource = {dblp computer science bibliography, https://dblp.org}
}




